<?xml version="1.0" encoding="UTF-8"?>
  <record xmlns="http://www.loc.gov/MARC21/slim" type="Authority">
    <leader>00000nz  a2200000oc 4500</leader>
    <controlfield tag="001">1076649645</controlfield>
    <controlfield tag="003">DE-101</controlfield>
    <controlfield tag="005">20150923003435.0</controlfield>
    <controlfield tag="008">150917n||aznnnaabn           | aaa    |c</controlfield>
    <datafield tag="024" ind1="7" ind2=" ">
      <subfield code="a">1076649645</subfield>
      <subfield code="0">http://d-nb.info/gnd/1076649645</subfield>
      <subfield code="2">gnd</subfield>
    </datafield>
    <datafield tag="035" ind1=" " ind2=" ">
      <subfield code="a">(DE-101)1076649645</subfield>
    </datafield>
    <datafield tag="035" ind1=" " ind2=" ">
      <subfield code="a">(DE-588)1076649645</subfield>
    </datafield>
    <datafield tag="035" ind1=" " ind2=" ">
      <subfield code="z">(DE-588)10417448X</subfield>
    </datafield>
    <datafield tag="035" ind1=" " ind2=" ">
      <subfield code="z">(DE-588a)10417448X</subfield>
      <subfield code="9">v:zg</subfield>
    </datafield>
    <datafield tag="040" ind1=" " ind2=" ">
      <subfield code="a">DE-1</subfield>
      <subfield code="c">DE-1</subfield>
      <subfield code="9">r:DE-1</subfield>
      <subfield code="b">ger</subfield>
      <subfield code="d">9999</subfield>
      <subfield code="e">rda</subfield>
    </datafield>
    <datafield tag="042" ind1=" " ind2=" ">
      <subfield code="a">gnd3</subfield>
    </datafield>
    <datafield tag="043" ind1=" " ind2=" ">
      <subfield code="c">XA-DE</subfield>
      <subfield code="c">XA-IT</subfield>
    </datafield>
    <datafield tag="075" ind1=" " ind2=" ">
      <subfield code="b">p</subfield>
      <subfield code="2">gndgen</subfield>
    </datafield>
    <datafield tag="075" ind1=" " ind2=" ">
      <subfield code="b">piz</subfield>
      <subfield code="2">gndspec</subfield>
    </datafield>
    <datafield tag="079" ind1=" " ind2=" ">
      <subfield code="a">g</subfield>
      <subfield code="q">a</subfield>
      <subfield code="q">f</subfield>
    </datafield>
    <datafield tag="100" ind1="1" ind2=" ">
      <subfield code="a">Prickel, Georg</subfield>
    </datafield>
    <datafield tag="375" ind1=" " ind2=" ">
      <subfield code="a">1</subfield>
      <subfield code="2">iso5218</subfield>
    </datafield>
    <datafield tag="400" ind1="1" ind2=" ">
      <subfield code="a">Prickelius, Georgius</subfield>
    </datafield>
    <datafield tag="400" ind1="1" ind2=" ">
      <subfield code="a">Prickelius, Georg</subfield>
    </datafield>
    <datafield tag="500" ind1="1" ind2=" ">
      <subfield code="0">(DE-101)121801829</subfield>
      <subfield code="0">(DE-588)121801829</subfield>
      <subfield code="0">https://d-nb.info/gnd/121801829</subfield>
      <subfield code="a">Prickel, Ursula Maria</subfield>
      <subfield code="4">bezf</subfield>
      <subfield code="4">https://d-nb.info/standards/elementset/gnd#familialRelationship</subfield>
      <subfield code="w">r</subfield>
      <subfield code="i">Beziehung familiaer</subfield>
      <subfield code="e">Beziehung familiaer</subfield>
      <subfield code="9">v:Ehefrau</subfield>
    </datafield>
    <datafield tag="548" ind1=" " ind2=" ">
      <subfield code="a">1628-1654</subfield>
      <subfield code="4">datw</subfield>
      <subfield code="4">https://d-nb.info/standards/elementset/gnd#periodOfActivity</subfield>
      <subfield code="w">r</subfield>
      <subfield code="i">Wirkungsdaten</subfield>
    </datafield>
    <datafield tag="550" ind1=" " ind2=" ">
      <subfield code="0">(DE-101)040031578</subfield>
      <subfield code="0">(DE-588)4003157-3</subfield>
      <subfield code="0">https://d-nb.info/gnd/4003157-3</subfield>
      <subfield code="a">Arzt</subfield>
      <subfield code="4">berc</subfield>
      <subfield code="4">https://d-nb.info/standards/elementset/gnd#professionOrOccupation</subfield>
      <subfield code="w">r</subfield>
      <subfield code="i">Charakteristischer Beruf</subfield>
    </datafield>
    <datafield tag="551" ind1=" " ind2=" ">
      <subfield code="0">(DE-101)040489892</subfield>
      <subfield code="0">(DE-588)4048989-9</subfield>
      <subfield code="0">https://d-nb.info/gnd/4048989-9</subfield>
      <subfield code="a">Regensburg</subfield>
      <subfield code="4">ortw</subfield>
      <subfield code="4">https://d-nb.info/standards/elementset/gnd#placeOfActivity</subfield>
      <subfield code="w">r</subfield>
      <subfield code="i">Wirkungsort</subfield>
    </datafield>
    <datafield tag="551" ind1=" " ind2=" ">
      <subfield code="0">(DE-101)04057878X</subfield>
      <subfield code="0">(DE-588)4057878-1</subfield>
      <subfield code="0">https://d-nb.info/gnd/4057878-1</subfield>
      <subfield code="a">Straßburg</subfield>
      <subfield code="4">ortw</subfield>
      <subfield code="4">https://d-nb.info/standards/elementset/gnd#placeOfActivity</subfield>
      <subfield code="w">r</subfield>
      <subfield code="i">Wirkungsort</subfield>
    </datafield>
    <datafield tag="551" ind1=" " ind2=" ">
      <subfield code="0">(DE-101)040442950</subfield>
      <subfield code="0">(DE-588)4044295-0</subfield>
      <subfield code="0">https://d-nb.info/gnd/4044295-0</subfield>
      <subfield code="a">Padua</subfield>
      <subfield code="4">ortw</subfield>
      <subfield code="4">https://d-nb.info/standards/elementset/gnd#placeOfActivity</subfield>
      <subfield code="w">r</subfield>
      <subfield code="i">Wirkungsort</subfield>
    </datafield>
    <datafield tag="667" ind1=" " ind2=" ">
      <subfield code="a">VD-17</subfield>
    </datafield>
    <datafield tag="670" ind1=" " ind2=" ">
      <subfield code="a">Die alten Matrikeln der Universität Strassburg 1621 bis 1793 / bearb. von Gustav Carl Knod ; Bd. 2. - 1976</subfield>
    </datafield>
    <datafield tag="672" ind1=" " ind2="0">
      <subfield code="a">Disputatio Medica De Bile. - 1631</subfield>
    </datafield>
    <datafield tag="672" ind1=" " ind2="0">
      <subfield code="a">Svmmis In Philos. Ac Medic. Honoribvs Doctoralibvs Præside ... D. Benedicto Sylvatico Eqv. Med. Practicæ Ordinariæ Profess. Primario I.N.G.A. Protectore Meritissimo, Promotore ... D. Iohanne Vveslingio Mindano Eqv. Anatomiæ &amp; Chirurgiæ Professore Ordinario. V.C. D. Georgio Prickelio Ratisbonensi. I.N.G.A. p.t. Procuratori, Dignissimo. In celeberrima Academia Patauina publice &amp; solenniter collatis. Votiva Amicorvm Acclamatio Die XIX. Octobris. Anni M.DC.XXXIV. - 1634</subfield>
    </datafield>
    <datafield tag="672" ind1=" " ind2="0">
      <subfield code="a">Epithalamia. Nuptiis Clarißimi, Excellentißimi atq[ue] Experientißimi Viri Dn. Georgii Prickelii Philos: Et Med. D. Honestissimi quondam Viri Johannis Prickelii Civis &amp; Architecti Ratisb. p.m. Filii relicti, Sponsi Cum lectißima ac pudicißima Virgine Ursula Maria ... Dn. Johannis Georgii Hofmanni Naburgi Superioris Palatinatus Iudicis p.m. relicta Filia ; Cantata a Dn. Fautoribus &amp; Amicis 8. die Iunii Anno 1635. - 1635</subfield>
    </datafield>
    <datafield tag="913" ind1=" " ind2=" ">
      <subfield code="S">pnd</subfield>
      <subfield code="i">a</subfield>
      <subfield code="a">Prickel, Georg</subfield>
      <subfield code="0">(DE-588a)10417448X</subfield>
    </datafield>
  </record>
